<record><leader>00000cas a22000007a 4500</leader><controlfield tag="001">11944501</controlfield><controlfield tag="008">850420d18911905ohuwr ne      0    0eng d</controlfield><datafield ind1=" " ind2=" " tag="010"><subfield code="a">sn 85038227 </subfield></datafield><datafield ind1=" " ind2=" " tag="040"><subfield code="a">NPY</subfield><subfield code="b">eng</subfield><subfield code="c">NPY</subfield><subfield code="d">NPX</subfield><subfield code="d">ONP</subfield><subfield code="d">OCLCQ</subfield></datafield><datafield ind1=" " ind2=" " tag="042"><subfield code="a">msc</subfield></datafield><datafield ind1="0" ind2="4" tag="245"><subfield code="a">The Sidney gazette.</subfield></datafield><datafield ind1=" " ind2=" " tag="260"><subfield code="a">Sidney, Ohio :</subfield><subfield code="b">Sidney Gazette Co.</subfield></datafield><datafield ind1=" " ind2=" " tag="300"><subfield code="a">v. :</subfield><subfield code="b">ill. ;</subfield><subfield code="c">56 cm.</subfield></datafield><datafield ind1=" " ind2=" " tag="310"><subfield code="a">Weekly</subfield></datafield><datafield ind1="1" ind2=" " tag="362"><subfield code="a">Began in 1891; ceased in Mar. 1905.</subfield><subfield code="z">Cf. Gutgesell, S. Guide to Ohio newspapers, 1974.</subfield></datafield><datafield ind1=" " ind2=" " tag="500"><subfield code="a">Republican. Cf. Gutgesell, S. Guide to Ohio newspapers, 1974.</subfield></datafield><datafield ind1=" " ind2=" " tag="588"><subfield code="a">Description based on: Vol. 6, no. 35 (Oct. 30, 1896).</subfield></datafield><datafield ind1=" " ind2=" " tag="752"><subfield code="a">United States</subfield><subfield code="b">Ohio</subfield><subfield code="c">Shelby</subfield><subfield code="d">Sidney.</subfield></datafield><datafield ind1="0" ind2="7" tag="785"><subfield code="t">Sidney journal (Sidney, Ohio : 1865)</subfield><subfield code="w">(DLC)sn 85026255</subfield></datafield><datafield ind1="0" ind2="7" tag="785"><subfield code="t">Sidney journal-gazette</subfield><subfield code="w">(DLC)sn 88077295</subfield></datafield><datafield ind1="1" ind2=" " tag="029"><subfield code="a">AU@</subfield><subfield code="b">000025792088</subfield></datafield></record>